<record><leader>00000cas a22000007a 4500</leader><controlfield tag="001">36659379</controlfield><controlfield tag="008">970401d198819uuncuwr ne      0    0eng d</controlfield><controlfield tag="009">13381</controlfield><datafield ind1=" " ind2=" " tag="010"><subfield code="a">sn 97064512 </subfield></datafield><datafield ind1=" " ind2=" " tag="040"><subfield code="a">NVJ</subfield><subfield code="b">eng</subfield><subfield code="c">NVJ</subfield></datafield><datafield ind1=" " ind2=" " tag="042"><subfield code="a">msc</subfield></datafield><datafield ind1="0" ind2="0" tag="245"><subfield code="a">Southeast magazine.</subfield></datafield><datafield ind1=" " ind2=" " tag="260"><subfield code="a">Matthews, [N.C.] :</subfield><subfield code="b">Southeast News,</subfield></datafield><datafield ind1=" " ind2=" " tag="300"><subfield code="a">v.</subfield></datafield><datafield ind1=" " ind2=" " tag="310"><subfield code="a">Weekly</subfield></datafield><datafield ind1="0" ind2=" " tag="362"><subfield code="a">Vol. 18, no. 42 (Oct. 19, 1988)-</subfield></datafield><datafield ind1=" " ind2=" " tag="500"><subfield code="a">Publication retained newspaper format even after title change.</subfield></datafield><datafield ind1=" " ind2=" " tag="752"><subfield code="a">United States</subfield><subfield code="b">North Carolina</subfield><subfield code="c">Mecklenburg</subfield><subfield code="d">Matthews.</subfield></datafield><datafield ind1="0" ind2="0" tag="780"><subfield code="t">Southeast news (Matthews, N.C.)</subfield><subfield code="w">(DLC)sn 97064511</subfield></datafield></record>